@article{FlyerWrightFornberg2015,
	title = "Radial Basis Function-Generated Finite Differences: A Mesh-Free Method for Computational Geosciences",
	journal = "Handbook of Geomathematics: Second Edition",
	pages = "2635 - 2669",
	year = "2015",
	doi = "10.1007/978-3-642-54551-1_61",
	url = "https://www.researchgate.net/publication/303728848_Handbook_of_Geomathematics_Second_Edition",
	author = "Natasha Flyer Grady B. Wright and Bengt Fornberg",
}

@article{FlyerBarnettWicker2016,
title = "Enhancing finite differences with radial basis functions: Experiments on the Navier–Stokes equations",
journal = "Journal of Computational Physics",
volume = "316",
pages = "39 - 62",
year = "2016",
issn = "0021-9991",
doi = "https://doi.org/10.1016/j.jcp.2016.02.078",
url = "http://www.sciencedirect.com/science/article/pii/S0021999116300195",
author = "Natasha Flyer and Gregory A. Barnett and Louis J. Wicker",
keywords = "RBF-FD, Radial basis functions, Finite differences, Polynomials, Splines, Navier–Stokes"
}

@article{Bollig2012,
	title = "Solution to PDEs using radial basis function finite-differences (RBF-FD) on multiple GPUs",
	journal = "Journal of Computational Physics",
	volume = "231",
	number = "21",
	pages = "7133 - 7151",
	year = "2012",
	issn = "0021-9991",
	doi = "https://doi.org/10.1016/j.jcp.2012.06.030",
	url = "http://www.sciencedirect.com/science/article/pii/S0021999112003452",
	author = "Evan F. Bollig and Natasha Flyer and Gordon Erlebacher",
	keywords = "Multi-GPU computing, Radial basis functions, RBF-FD, High-order finite differencing, Parallel computing, OpenCL"
}

@misc{WrightSpherepts,
author= "Grady Wright",
title = "spherepts",
howpublished = {\url{https://github.com/gradywright/spherepts}},
year = {2017}
}

@article{Mairhuber1956,
	ISSN = {00029939, 10886826},
	URL = {http://www.jstor.org/stable/2033359},
	author = {John C. Mairhuber},
	journal = {Proceedings of the American Mathematical Society},
	number = {4},
	pages = {609--615},
	publisher = {American Mathematical Society},
	title = {On Haar's Theorem Concerning Chebychev Approximation Problems Having Unique Solutions},
	volume = {7},
	year = {1956}
}

@article{Fornberg2015, 
	title={Solving PDEs with radial basis functions}, volume={24}, DOI={10.1017/S0962492914000130}, journal={Acta Numerica}, publisher={Cambridge University Press}, author={Fornberg, Bengt and Flyer, Natasha}, year={2015}, pages={215–258}
}

@article{Flyer2016-1,
	title = "On the role of polynomials in RBF-FD approximations: I. Interpolation and accuracy",
	journal = "Journal of Computational Physics",
	volume = "321",
	pages = "21 - 38",
	year = "2016",
	issn = "0021-9991",
	doi = "https://doi.org/10.1016/j.jcp.2016.05.026",
	url = "http://www.sciencedirect.com/science/article/pii/S0021999116301632",
	author = "Natasha Flyer and Bengt Fornberg and Victor Bayona and Gregory A. Barnett",
	keywords = "RBF-FD, Polynomials, Polyharmonic splines, Interpolation, Derivative approximations"
}

@article{Flyer2017-2,
	title = "On the role of polynomials in RBF-FD approximations: II. Numerical solution of elliptic PDEs",
	journal = "Journal of Computational Physics",
	volume = "332",
	pages = "257 - 273",
	year = "2017",
	issn = "0021-9991",
	doi = "https://doi.org/10.1016/j.jcp.2016.12.008",
	url = "http://www.sciencedirect.com/science/article/pii/S0021999116306490",
	author = "Victor Bayona and Natasha Flyer and Bengt Fornberg and Gregory A. Barnett",
	keywords = "Elliptic PDEs, RBF-FD, Polynomials, Polyharmonic splines, Runge's phenomenon, Meshless"
}
